<record><leader>02963cam a2200433 a 4500</leader><controlfield tag="001">6773209</controlfield><controlfield tag="003">OCoLC</controlfield><controlfield tag="005">20141008065159.2</controlfield><controlfield tag="006">m     o  d        </controlfield><controlfield tag="007">cr cnu---unuuu</controlfield><controlfield tag="008">140927s2015    nyu     o     000 0 eng d</controlfield><datafield ind1=" " ind2=" " tag="020"><subfield code="a">9781317655602</subfield><subfield code="q">electronic bk.</subfield></datafield><datafield ind1=" " ind2=" " tag="020"><subfield code="a">1317655605</subfield><subfield code="q">electronic bk.</subfield></datafield><datafield ind1=" " ind2=" " tag="020"><subfield code="z">9781138789531</subfield></datafield><datafield ind1=" " ind2=" " tag="035"><subfield code="a">ocn891447681</subfield></datafield><datafield ind1=" " ind2=" " tag="037"><subfield code="a">849948</subfield><subfield code="b">EBSCO</subfield></datafield><datafield ind1=" " ind2=" " tag="039"><subfield code="a">exclude</subfield></datafield><datafield ind1=" " ind2=" " tag="040"><subfield code="a">CaONFJC</subfield><subfield code="c">CaONFJC</subfield><subfield code="e">rda</subfield><subfield code="d">AEU</subfield></datafield><datafield ind1=" " ind2="4" tag="050"><subfield code="a">B2430.D454 D4546 2014</subfield></datafield><datafield ind1="0" ind2="4" tag="082"><subfield code="a">194</subfield><subfield code="2">22</subfield></datafield><datafield ind1=" " ind2=" " tag="090"><subfield code="a">Internet Access</subfield><subfield code="b">AEU</subfield></datafield><datafield ind1="1" ind2=" " tag="100"><subfield code="a">Bignall, Simone.</subfield></datafield><datafield ind1="1" ind2="0" tag="245"><subfield code="a">Deleuze and pragmatism /</subfield><subfield code="c">Edited by Sean Bowden, Simone Bignall and Paul Patton.</subfield></datafield><datafield ind1=" " ind2="1" tag="264"><subfield code="a">New York :</subfield><subfield code="b">Routledge,</subfield><subfield code="c">2015.</subfield></datafield><datafield ind1=" " ind2=" " tag="300"><subfield code="a">1 online resource (296 p.)</subfield></datafield><datafield ind1="1" ind2=" " tag="490"><subfield code="a">Routledge Studies in Contemporary Philosophy</subfield></datafield><datafield ind1=" " ind2=" " tag="504"><subfield code="a">Description based upon print version of record.</subfield></datafield><datafield ind1="0" ind2=" " tag="505"><subfield code="a">Infinite Pragmatics : Deleuze, Peirce, and the Habits of Things -- Barthes, Deleuze, and Peirce : Pragmatism in Pursuit of the Sign -- A More Radical Empiricism -- Error, Illusion, Deception : Deleuze against James -- Pluralism without Pragmatism : Deleuze and the Ambiguities of the French Reception of James -- "Every Existence Is An Event" : Deleuze, Dewey, and Democracy -- Pragmatism and Difference : What's the Use of Calling Deleuze a Pragmatist? -- Redescriptive Philosophy : Deleuze and Rorty -- The Rorty-Deleuze Pas de Deux -- Antirepresentationalism and Objectivity in Rorty, Brandom, and Deleuze -- Deleuze and the Pragmatist Priority of Subject Naturalism -- "What Affects Are You Capable Of?" On Deleuze and Somaesthetics -- Transcendental Pragmatics? Deleuze, Pragmatism, and Metaphilosophy -- Pragmatic Finitudes.</subfield></datafield><datafield ind1=" " ind2=" " tag="506"><subfield code="a">Access restricted to authorized users and institutions.</subfield></datafield><datafield ind1=" " ind2=" " tag="520"><subfield code="a">This collection brings together the philosophy of Gilles Deleuze and the rich tradition of American pragmatist thought, taking seriously the commitment to pluralism at the heart of both. Contributors explore in novel ways Deleuze's explicit references to pragmatism, and examine the philosophical significance of a number of points at which Deleuze's philosophy converges with, or diverges from, the work of leading pragmatists. The papers of the first part of the volume take as their focus Deleuze's philosophical relationship to classical pragmatism and the work of Peirce, James and Dewey.</subfield></datafield><datafield ind1=" " ind2=" " tag="596"><subfield code="a">44</subfield></datafield><datafield ind1="1" ind2="0" tag="600"><subfield code="a">Deleuze, Gilles,</subfield><subfield code="d">1925-1995.</subfield></datafield><datafield ind1=" " ind2="0" tag="650"><subfield code="a">Pragmatism.</subfield></datafield><datafield ind1="1" ind2=" " tag="700"><subfield code="a">Bowden, Sean.</subfield></datafield><datafield ind1="1" ind2=" " tag="700"><subfield code="a">Patton, Paul.</subfield></datafield><datafield ind1=" " ind2="0" tag="830"><subfield code="a">Routledge studies in contemporary philosophy.</subfield></datafield><datafield ind1="4" ind2="0" tag="856"><subfield code="3">University of Alberta Access</subfield><subfield code="u">http://search.ebscohost.com/login.aspx?direct=true&amp;scope=site&amp;db=nlebk&amp;db=nlabk&amp;AN=849948</subfield><subfield code="z">(Single User Access)</subfield></datafield><datafield ind1=" " ind2=" " tag="949"><subfield code="a">Internet Access</subfield><subfield code="h">UAIN</subfield><subfield code="z">PDAOWNED</subfield></datafield><datafield ind1=" " ind2=" " tag="926"><subfield code="a">Internet Access</subfield><subfield code="w">LC</subfield><subfield code="c">1</subfield><subfield code="i">6773209-1001</subfield><subfield code="l">INTERNET</subfield><subfield code="m">UAINTERNET</subfield><subfield code="r">Y</subfield><subfield code="s">Y</subfield><subfield code="t">E-RESOURCE</subfield><subfield code="u">1/12/2015</subfield><subfield code="x">E-BOOK</subfield><subfield code="z">PDAOWNED</subfield></datafield></record>